@inproceedings{wnuk2014delicate,
  title={On the delicate balance between RE and Testing: Experiences from a large company},
  author={Wnuk, Krzysztof and Ahlberg, Linus and Persson, Johannes},
  booktitle={2014 IEEE 1st International Workshop on Requirements Engineering and Testing (RET)},
  pages={1--3},
  year={2014},
  organization={IEEE}
}

@article{bjarnason2014challenges,
  title={Challenges and practices in aligning requirements with verification and validation: a case study of six companies},
  author={Bjarnason, Elizabeth and Runeson, Per and Borg, Markus and Unterkalmsteiner, Michael and Engstr{\"o}m, Emelie and Regnell, Bj{\"o}rn and Sabaliauskaite, Giedre and Loconsole, Annabella and Gorschek, Tony and Feldt, Robert},
  journal={Empirical software engineering},
  volume={19},
  number={6},
  pages={1809--1855},
  year={2014},
  publisher={Springer}
}

@article{graham2002requirements,
  title={Requirements and testing: Seven missing-link myths},
  author={Graham, Dorothy},
  journal={IEEE Software},
  volume={19},
  number={5},
  pages={15--17},
  year={2002},
  publisher={IEEE}
}
@inproceedings{cheng2007research,
  title={Research directions in requirements engineering},
  author={Cheng, Betty HC and Atlee, Joanne M},
  booktitle={Future of Software Engineering (FOSE'07)},
  pages={285--303},
  year={2007},
  organization={IEEE}
}
@inproceedings{jones2009enabling,
  title={Enabling and enhancing collaborations between software development organizations and independent test agencies},
  author={Jones, James A and Grechanik, Mark and van der Hoek, Andre},
  booktitle={2009 ICSE Workshop on Cooperative and Human Aspects on Software Engineering},
  pages={56--59},
  year={2009},
  organization={IEEE}
}

@inproceedings{sabaliauskaite2010challenges,
  title={Challenges in aligning requirements engineering and verification in a large-scale industrial context},
  author={Sabaliauskaite, Giedre and Loconsole, Annabella and Engstr{\"o}m, Emelie and Unterkalmsteiner, Michael and Regnell, Bj{\"o}rn and Runeson, Per and Gorschek, Tony and Feldt, Robert},
  booktitle={International Working Conference on Requirements Engineering: Foundation for Software Quality},
  pages={128--142},
  year={2010},
  organization={Springer}
}